@inproceedings{Pothitos2016-PoPS,
  author = {Pothitos, Nikolaos and Stamatopoulos, Panagiotis},
  title = {{P}iece of {P}ie {S}earch: Confidently Exploiting Heuristics},
  booktitle = {SETN 2016: 9\textsuperscript{th} Hellenic Conference on
               Artificial Intelligence},
  editor = {Bassiliades, Nick and Bikakis, Antonis and Vrakas, Dimitris and
            Vlahavas, Ioannis P. and Vouros, George A.},
  pages = {8:1--8:8},
  publisher = {ACM},
  address = {New York},
  year = {2016},
  isbn = {978-1-4503-3734-2},
  doi = {10.1145/2903220.2903242}
}

@article{Pothitos2018,
  author = {Pothitos, Nikolaos and Stamatopoulos, Panagiotis},
  title = {Building Search Methods with Self-Confidence in a Constraint
           Programming Library},
  journal = {International Journal on Artificial Intelligence Tools},
  volume = {27},
  number = {4},
  pages = {1860003},
  year = {2018},
  doi = {10.1142/S0218213018600035}
}
